@Article{Ayala-1973,
  author =	 {F J Ayala and M E Gilpin and J G Ehrenfeld},
  title =	 {Competition between species: theoretical models and
                  experimental tests},
  journal =	 {Theoretical Population Biology},
  year =	 1973,
  volume =	 4,
  pages =	 {331 -- 356}
}

@Article{Bender-1984,
  author =	 {E A Bender and T J Case and M E Gilpin},
  title =	 {Perturbation Experiments in Community Ecology:
                  Theory and Practice},
  journal =	 {Ecology},
  year =	 1984,
  volume =	 65,
  pages =	 {1 -- 13}
}

@Article{Holt-1985,
  author =	 {R D Holt},
  title =	 {Density-independent mortality, non-linear
                  competitive interactions, and species coexistence},
  journal =	 {Journal of Theoretical Biology},
  year =	 1985,
  volume =	 116,
  pages =	 {479 -- 493}
}

@Article{MacArthur-1964,
  author =	 {R MacArthur and R Levins},
  title =	 {Competition, habitat selection, and character
                  displacement in a patchy environment},
  journal =	 {Proceedings of the National Academy of Sciences,
                  U.S.A.},
  year =	 1964,
  volume =	 51,
  pages =	 {1207 -- 1210}
}

@Article{MacArthur-1967,
  author =	 {R MacArthur and R Levins},
  title =	 {The limiting similarity, convergence, and divergence
                  of coexisting species},
  journal =	 {The American Naturalist},
  year =	 1967,
  volume =	 101,
  pages =	 {377 -- 385}
}

@Article{MacArthur-1969,
  author =	 {R MacArthur},
  title =	 {Species packing, and what species competition
                  minimises},
  journal =	 {Proceedings of the National Academy of Sciences,
                  U.S.A.},
  year =	 1969,
  volume =	 64,
  pages =	 {1369 -- 1371}
}

@Article{MacArthur-1970,
  author =	 {R MacArthur},
  title =	 {Species packing and competitive equilibrium for many
                  species},
  journal =	 {Theoretical Population Biology},
  year =	 1970,
  volume =	 1,
  pages =	 {1 -- 11}
}

@Article{Mirrahimi-2014,
  author =       {S Mirrahimi and B Perthame and J Y Wakano},
  title =        {Direct competition results from strong competition
                  for limited resources},
  journal =      {Journal of Mathematical Biology},
  year =         2014,
  volume =       68,
  pages =        {931 -- 949}
}

@Article{Pigolotti-2007,
  author =	 {S Pigolotti and C L{\'o}pez and E
                  Hern{\'a}ndez-Garc{\'i}a},
  title =	 {Species Clustering in Competitive Lotka-Volterra
                  Models},
  journal =	 {Physical Review Letters},
  year =	 207,
  volume =	 98,
  pages =	 258101
}

@Article{Pigolotti-2010,
  author =	 {S Pigolotti and C L{\'o}pez and E
                  Hern{\'a}ndez-Garc{\'i}a and K H Andersen},
  title =	 {How Gaussian competition leads to lumpy or uniform
                  species distributions},
  journal =	 {Theoretical Ecology},
  year =	 2010,
  volume =	 3,
  pages =	 {89 -- 96}
}

@Article{Roughgarden-1974,
  author =	 {J Roughgarden},
  title =	 {Species packing and the competition function with
                  illustrations from coral reef fish},
  journal =	 {Theoretical Population Biology},
  year =	 1974,
  volume =	 5,
  pages =	 {163 -- 186}
}

@Article{Scheffer-2006,
  author =	 {M Scheffer and E H {van Ness}},
  title =	 {Self-organized criticality, the evolutinoary
                  emergence of groups of similar species},
  journal =	 {Proceedings of the National Academy of Sciences,
                  U.S.A.},
  year =	 2006,
  volume =	 103,
  pages =	 {6230 -- 6235}
}

@Article{Schoener-1974,
  author =	 {W T Schoener},
  title =	 {Some methods for calculating competition
                  coefficients from resource-utilization spectra},
  journal =	 {The American Naturalist},
  year =	 1974,
  volume =	 108,
  pages =	 {332 -- 340}
}

@Article{Tilman-1980,
  author =	 {D Tilman},
  title =	 {Resources: a graphical-mechanistic approach to
                  competition and predation},
  journal =	 {The American Naturalist},
  year =	 1980,
  volume =	 116,
  pages =	 {362 -- 393}
}

@Article{Tilman-1987,
  author =	 {D Tilman},
  title =	 {The importance of the mechanisms of interspecific
                  competition},
  journal =	 {The American Naturalist},
  year =	 1987,
  volume =	 129,
  pages =	 {769 -- 774}
}
