@Article{Falster-2011,
  author =       {D S Falster and {\AA} Br\"annstr\"om and U Dieckmann
                  and M Westoby},
  title =        {Influence of four major plant traits on average
                  height, leaf-area cover, net primary productivity,
                  and biomass density in single-species forests: a
                  theoretical investigation},
  journal =      {Journal of Ecology},
  year =         2011,
  volume =       99,
  pages =        {148 -- 164}
}

@Article{Hermoyian-2002,
  author =       {Hermoyian, Casey S. and Leighton, Lindsey R. and
                  Kaplan, Peter},
  title =        {Testing the role of competition in fossil
                  communities using limiting similarity},
  volume =       30,
  number =       1,
  pages =        {15-18},
  year =         2002,
  doi =          {10.1130/0091-7613(2002)030<0015:TTROCI>2.0.CO;2},
  URL =          {http://geology.gsapubs.org/content/30/1/15.abstract},
  eprint =
                  {http://geology.gsapubs.org/content/30/1/15.full.pdf+html},
  journal =      {Geology}
}

@Article{MacArthur-1967,
  author =       {R MacArthur and R Levins},
  title =        {The limiting similarity, convergence, and divergence
                  of coexisting species},
  journal =      {The American Naturalist},
  year =         1967,
  volume =       101,
  pages =        {377 -- 385}
}
